<record><leader>00000cas a2200000 a 4500</leader><controlfield tag="001">32525032</controlfield><controlfield tag="008">950523d191719uucauwr ne      0    0eng c</controlfield><datafield ind1=" " ind2=" " tag="010"><subfield code="a">sn 95061753 </subfield></datafield><datafield ind1=" " ind2=" " tag="040"><subfield code="a">CNK</subfield><subfield code="b">eng</subfield><subfield code="c">CNK</subfield><subfield code="d">OCLCQ</subfield><subfield code="d">CNK</subfield><subfield code="d">OCLCQ</subfield><subfield code="d">OCLCF</subfield><subfield code="d">OCLCO</subfield></datafield><datafield ind1="1" ind2=" " tag="029"><subfield code="a">AU@</subfield><subfield code="b">000011737950</subfield></datafield><datafield ind1=" " ind2=" " tag="042"><subfield code="a">pcc</subfield></datafield><datafield ind1=" " ind2=" " tag="043"><subfield code="a">n-us-ca</subfield></datafield><datafield ind1="0" ind2=" " tag="130"><subfield code="a">Sebastopol times (Sebastopol, Calif. : 1917)</subfield></datafield><datafield ind1="1" ind2="4" tag="245"><subfield code="a">The Sebastopol times.</subfield></datafield><datafield ind1="1" ind2="7" tag="246"><subfield code="a">Sebastopol times and Sonoma county news</subfield></datafield><datafield ind1=" " ind2=" " tag="260"><subfield code="a">Sebastopol, Sonoma County, Cal. :</subfield><subfield code="b">F. Cecil Burroughs</subfield></datafield><datafield ind1=" " ind2=" " tag="300"><subfield code="a">v.</subfield></datafield><datafield ind1=" " ind2=" " tag="310"><subfield code="a">Weekly,</subfield><subfield code="b">Dec. 15, 1983-Feb. 13, 1986</subfield></datafield><datafield ind1=" " ind2=" " tag="321"><subfield code="a">Weekly,</subfield><subfield code="b">Jan. 1917-Aug. 4, 1982</subfield></datafield><datafield ind1=" " ind2=" " tag="321"><subfield code="a">Semiweekly,</subfield><subfield code="b">Aug. 6, 1982-Dec. 9, 1983</subfield></datafield><datafield ind1="0" ind2=" " tag="362"><subfield code="a">-v. 97, no. 22 (Feb. 13, 1986).</subfield></datafield><datafield ind1="1" ind2=" " tag="362"><subfield code="a">Began Jan. 1917.</subfield></datafield><datafield ind1=" " ind2=" " tag="530"><subfield code="a">Master negatives are available for duplication from:</subfield><subfield code="b">California Newspaper Microfilm Archive;</subfield><subfield code="c">positive copies may be purchased by the reel; for further information consult the CNMA at:</subfield><subfield code="u">http://cbsr.ucr.edu</subfield></datafield><datafield ind1=" " ind2=" " tag="588"><subfield code="a">Description based on: Vol. 27, no. 25 (Jan. 27, 1917).</subfield></datafield><datafield ind1=" " ind2="0" tag="651"><subfield code="a">Sonoma County (Calif.)</subfield><subfield code="v">Newspapers.</subfield></datafield><datafield ind1=" " ind2="7" tag="655"><subfield code="a">Newspapers.</subfield><subfield code="2">fast</subfield><subfield code="0">(OCoLC)fst01423814</subfield></datafield><datafield ind1=" " ind2="7" tag="651"><subfield code="a">California</subfield><subfield code="z">Sonoma County.</subfield><subfield code="2">fast</subfield><subfield code="0">(OCoLC)fst01213638</subfield></datafield><datafield ind1=" " ind2=" " tag="752"><subfield code="a">United States</subfield><subfield code="b">California</subfield><subfield code="c">Sonoma</subfield><subfield code="d">Sebastopol.</subfield></datafield><datafield ind1="0" ind2="0" tag="780"><subfield code="t">Sebastopol times and Sonoma county news</subfield><subfield code="w">(DLC)sn 95061752</subfield></datafield><datafield ind1="0" ind2="0" tag="785"><subfield code="a">Sebastopol times &amp; news</subfield><subfield code="w">(DLC)sn 98061776</subfield></datafield></record>